@inproceedings{chaturvedi2014predicting,
  title={Predicting Instructor's Intervention in MOOC forums.},
  author={Chaturvedi, Snigdha and Goldwasser, Dan and Daum{\'e} III, Hal},
  booktitle={Proc. of the ACL (1)},
  pages={1501--1511},
  year={2014},
  organization={ACL}
}

@inproceedings{chandrasekaran2015learning,
  title={Learning instructor intervention from mooc forums: Early results and issues},
  author={Chandrasekaran, Muthu Kumar and Kan, Min-Yen and Tan, Bernard CY and Ragupathi, Kiruthika},
  OPTbooktitle={Proc. of the 8th International Conference on Education Data Mining (EDM), Madrid, Spain},
  booktitle={Proc. of EDM, Madrid, Spain},
  pages={218--225},
  year={2015},
  organization={IEDM}
}

@inproceedings{chandrasekaran2015towards,
  title={Towards feasible instructor intervention in MOOC discussion forums},
  author={Chandrasekaran, Muthu Kumar and Ragupathi, Kiruthika  and Kan, Min-Yen and Tan, Bernard CY},
  OPTbooktitle={Proc. of the 36th International Conference on Information Systems, Fort Worth, USA},
  booktitle={Proc. of ICIS, Fort Worth, USA},
  year={2015},
}

@inproceedings{ramesh2015,
  title={Weakly supervised models of aspect-sentiment for online course discussion forums},
  author={Ramesh, Arti and Kumar, Shachi H and Foulds, James and Getoor, Lise},
  pages={74--83},
  booktitle={Proc. of the ACL (1)},
  year={2015},
  organization={ACL}
}

@inproceedings{li2014,
  title={{Assessing the Discourse Factors that Influence the Quality of Machine Translation.}},
  author={Li, Junyi Jessy and Carpuat, Marine and Nenkova, Ani},
  booktitle={Proc. of the ACL (2)},
  pages={283--288},
  year={2014},
  organization={ACL}
}

@phdthesis{faulkner2014automated,
  title={Automated classification of argument stance in student essays: A linguistically motivated approach with an application for supporting argument summarization},
  author={Faulkner, Adam Robert},
  year={2014},
  school={CUNY Academic Works}
}

@article{garrison_critical_1999,
	title = {Critical {Inquiry} in a {Text}-{Based} {Environment}: {Computer} {Conferencing} in {Higher} {Education}},
	volume = {2},
	issn = {10967516},
	shorttitle = {Critical {Inquiry} in a {Text}-{Based} {Environment}},
	number = {2-3},
	urldate = {2016-09-06},
	journal = {The Internet and Higher Education},
	author = {Garrison, D.Randy and Anderson, Terry and Archer, Walter},
	year = {1999},
	pages = {87--105}
}

@article{mihuailua2014,
  title={Semi-supervised learning of causal relations in biomedical scientific discourse},
  author={Mih{\u{a}}il{\u{a}}, Claudiu and Ananiadou, Sophia},
  journal={Biomedical engineering online},
  volume={13},
  number={2},
  pages={1},
  year={2014},
  publisher={BioMed Central}
}

@phdthesis{huang2014,
  title={Improving information extraction by discourse-guided and multifaceted event recognition},
  author={Huang, Ruihong},
  year={2014},
  school={The University of Utah}
}

@inproceedings{joshi2007,
  title={Using transactivity in conversation for summarization of educational dialogue.},
  author={Joshi, Mahesh and Ros{\'e}, Carolyn Penstein},
  booktitle={Proc. of SLaTE},
  pages={53--56},
  year={2007}
}

@inproceedings{wang2012,
  title={Re-tweeting from a linguistic perspective},
  author={Wang, Aobo and Chen, Tao and Kan, Min-Yen},
  booktitle={Proc. of the second workshop on language in social media},
  pages={46--55},
  year={2012},
  organization={ACL}
}

@inproceedings{swanson2015,
  title={Argument mining: Extracting arguments from online dialogue},
  author={Swanson, Reid and Ecker, Brian and Walker, Marilyn},
  booktitle={Proc. the SIGDIAL},
  pages={217--227},
  year={2015},
  organization={ACL}
}

@inproceedings{chen2016,
  title={{What kinds of forum activities are important for promoting learning continuance in MOOCS?}},
author={Chen, Hong and Phang, Chee Wei and Zhang, Chenghong and Cai, Shun},
booktitle={Proc. of Pacific Asia Conference on Information Systems},
  year={2016}
}

@article{mazzolini2003,
  title={{Sage, guide or ghost? The effect of instructor intervention on student participation in online discussion forums}},
  author={Mazzolini, Margaret and Maddison, Sarah},
  journal={Computers \& Education},
  volume={40},
  number={3},
  pages={237--253},
  year={2003},
  publisher={Elsevier}
}
@article{mazzolini2007,
  title={When to jump in: The role of the instructor in online discussion forums},
  author={Mazzolini, Margaret and Maddison, Sarah},
  journal={Computers \& Education},
  volume={49},
  number={2},
  pages={193--213},
  year={2007},
  publisher={Elsevier}
}

@article{phirangee_exploring_2016,
	title = {Exploring the relationships between facilitation methods, students' sense of community and their online behaviours},
	volume = {20},
	language = {en},
	number = {2},
	journal = {Special Issue on Online Learning Analytics. Online Learning Journal},
	author = {Phirangee, Krystle and Demmans Epp, Carrie and Hewitt, Jim},
	year = {2016},
	pages = {134--154}
}

@phdthesis{phirangee_fill_2016,
	address = {Toronto, ON, Canada},
	type = {{PhD}},
	title = {Exploring the Role of Community in Online Learning},
	school = {University of Toronto},
	author = {Phirangee, Krystle},
	year = {2016}
}
@inproceedings{Prasad2008,
  title={{The Penn Discourse TreeBank 2.0.}},
  author={Prasad, Rashmi and Dinesh, Nikhil and Lee, Alan and Miltsakaki, Eleni and Robaldo, Livio and Joshi, Aravind K and Webber, Bonnie L},
  booktitle={Proc. of the LREC},
  year={2008},
  publisher = {ELRA}
}

@inproceedings{tonelli2010,
  title={Annotation of Discourse Relations for Conversational Spoken Dialogs.},
  author={Tonelli, Sara and Riccardi, Giuseppe and Prasad, Rashmi and Joshi, Aravind K},
  booktitle={Proc. of the LREC},
  year={2010},
  publisher = {ELRA}
}

@inproceedings{forbesriley2016,
  title={{Extracting PDTB Discourse Relations from Student Essays.}},
  author={Forbes-Riley, Kate and Zhang, Fan and Litman, Diane J.},
  booktitle={Proc. of the SIGDIAL},
  pages={117--127},
  year={2016}
}

@article{Lin2014,
  title={{A PDTB-styled end-to-end discourse parser}},
  author={Lin, Ziheng and Ng, Hwee Tou and Kan, Min-Yen},
  journal={Natural Language Engineering},
  volume={20},
  number={02},
  pages={151--184},
  year={2014},
  publisher={Cambridge Univ Press}
}